<?xml version="1.0" encoding="utf-8"?>
<record xmlns="http://www.loc.gov/MARC21/slim" xmlns:xsi="http://www.w3.org/2001/XMLSchema-instance" xsi:schemaLocation="http://www.loc.gov/MARC21/slim http://www.loc.gov/standards/marcxml/schema/MARC21slim.xsd">
	<leader>     nam a22        4500</leader>
	<controlfield tag="001">3071776</controlfield>
	<controlfield tag="003">NNC</controlfield>
	<controlfield tag="006">m        d        </controlfield>
	<controlfield tag="007">cr cn |||m|||a</controlfield>
	<controlfield tag="008">150723q18861887ua      o     000 0 ara d</controlfield>
	<datafield ind1=" " ind2=" " tag="040">
		<subfield code="a">NNU</subfield>
		<subfield code="b">eng</subfield>
		<subfield code="e">rda</subfield>
		<subfield code="c">NNU</subfield>
	</datafield>
	<datafield ind1=" " ind2="4" tag="050">
		<subfield code="a">BP166</subfield>
		<subfield code="b">.S55 1886</subfield>
	</datafield>
	<datafield ind1="1" ind2=" " tag="100">
		<subfield code="6">880-01</subfield>
		<subfield code="a">Sijilmāsī, Aḥmad ibn al-Mubārak,</subfield>
		<subfield code="d">-1743.</subfield>
	</datafield>
	<datafield ind1="1" ind2="3" tag="245">
		<subfield code="6">880-02</subfield>
		<subfield code="a">al-Ibrīz /</subfield>
		<subfield code="c">alladhī talaqqāhu Aḥmad ibn al-Mubārak ʻan ʻAbd al-ʻAzīz al-Dabbāgh ; wa-bi-hāmishihi kitābān : awwaluhumā kitāb Durar al-ghawwāṣ ʻalaʼ fatāwá Sayyidī ʻAlī al-Khawwāṣ ; wa-thānīyuhumā kitāb al-Jawāhir wa-al-durar mimmā istifādat ʻAbd al-Wahhāb al-Shaʻrānī min ʻAlī al-Khawwāṣ ayḍan ; wa-kullāhuma li-ʻAbd al-Wahhāb al- Shaʻrānī.</subfield>
	</datafield>
	<datafield ind1=" " ind2=" " tag="260">
		<subfield code="6">880-03</subfield>
		<subfield code="a">Miṣr :</subfield>
		<subfield code="b">[publisher not identified],</subfield>
		<subfield code="c">[1304, 1886 or 1887]</subfield>
	</datafield>
	<datafield ind1=" " ind2=" " tag="300">
		<subfield code="a">online resource (336 pages)</subfield>
	</datafield>
	<datafield ind1=" " ind2=" " tag="336">
		<subfield code="a">text</subfield>
		<subfield code="2">rdacontent</subfield>
	</datafield>
	<datafield ind1=" " ind2=" " tag="337">
		<subfield code="a">computer</subfield>
		<subfield code="2">rdamedia</subfield>
	</datafield>
	<datafield ind1=" " ind2=" " tag="338">
		<subfield code="a">online resource</subfield>
		<subfield code="2">rdacarrier</subfield>
	</datafield>
	<datafield ind1=" " ind2=" " tag="500">
		<subfield code="a">Part of the Arabic Collections Online (ACO) project, contributed by Columbia University Libraries.</subfield>
	</datafield>
	<datafield ind1=" " ind2=" " tag="533">
		<subfield code="a">Electronic reproduction.</subfield>
		<subfield code="b">New York, N.Y. :</subfield>
		<subfield code="c">New York University,</subfield>
		<subfield code="d">2015.</subfield>
		<subfield code="5">NNU</subfield>
	</datafield>
	<datafield ind1="1" ind2="0" tag="600">
		<subfield code="6">880-04</subfield>
		<subfield code="a">Dabbāgh, ʻAbd al-ʻAzīz ibn Masʻūd,</subfield>
		<subfield code="d">1679 or 1680-1719 or 1720</subfield>
		<subfield code="x">Theology.</subfield>
	</datafield>
	<datafield ind1="1" ind2="0" tag="600">
		<subfield code="a">Khawwāṣ, ʻAlī,</subfield>
		<subfield code="d">active 16th century</subfield>
		<subfield code="x">Theology.</subfield>
	</datafield>
	<datafield ind1=" " ind2="0" tag="650">
		<subfield code="a">Islam</subfield>
		<subfield code="x">Quotations, maxims, etc.</subfield>
	</datafield>
	<datafield ind1="1" ind2=" " tag="700">
		<subfield code="6">880-05</subfield>
		<subfield code="a">Dabbāgh, ʻAbd al-ʻAzīz ibn Masʻūd,</subfield>
		<subfield code="d">1679 or 1680-1719 or 1720.</subfield>
	</datafield>
	<datafield ind1="1" ind2="2" tag="700">
		<subfield code="6">880-06</subfield>
		<subfield code="a">Shaʻrānī, ʻAbd al-Wahhāb ibn Aḥmad,</subfield>
		<subfield code="d">approximately 1493-1565 or 1566.</subfield>
		<subfield code="t">Durar al-ghawwāṣ ʻalá fatāwá Sayyidī ʻAlī al-Khawwāṣ. </subfield>
	</datafield>
	<datafield ind1="1" ind2="2" tag="700">
		<subfield code="6">880-07</subfield>
		<subfield code="a">Shaʻrānī, ʻAbd al-Wahhāb ibn Aḥmad,</subfield>
		<subfield code="d">approximately 1493-1565 or 1566.</subfield>
		<subfield code="t">Jawāhir wa-al-durar. </subfield>
	</datafield>
	<datafield ind1="2" ind2=" " tag="710">
		<subfield code="a">Columbia University.</subfield>
		<subfield code="b">Libraries.</subfield>
	</datafield>
	<datafield ind1="0" ind2=" " tag="730">
		<subfield code="a">Arabic Collections Online.</subfield>
	</datafield>
	<datafield ind1="0" ind2="8" tag="776">
		<subfield code="i">Print version:</subfield>
		<subfield code="a">Sijilmāsī, Aḥmad ibn al-Mubārak, -1743.</subfield>
		<subfield code="t">al-Ibrīz</subfield>
		<subfield code="w">(NNC)3071776</subfield>
		<subfield code="w">(OCoLC)427384167</subfield>
	</datafield>
	<datafield ind1="4" ind2="0" tag="856">
		<subfield code="u">http://hdl.handle.net/2333.1/2v6wwsbn</subfield>
	</datafield>
	<datafield ind1="1" ind2=" " tag="880">
		<subfield code="6">100-01</subfield>
		<subfield code="a">سجلماسي، احمد بن المبارك،</subfield>
		<subfield code="d">-1743</subfield>
	</datafield>
	<datafield ind1="1" ind2="2" tag="880">
		<subfield code="6">245-02</subfield>
		<subfield code="a">الابريز /</subfield>
		<subfield code="c">الذي تلقاه احمد بن المبارك عن عبد العزيز الدباغ ؛ وبهامشه كتابان : اولهما كتاب درر الغواص على فتاوى سيدي علي الخواص ؛ وثانيهما كتاب الجواهر والدرر مما استفاده عبد الوهاب الشعراني من علي الخواص ايضاً ؛ وكلاهما لعبد الوهاب الشعراني.</subfield>
	</datafield>
	<datafield ind1=" " ind2=" " tag="880">
		<subfield code="6">260-03</subfield>
		<subfield code="a">مصر :</subfield>
		<subfield code="b">[publisher not identified],</subfield>
		<subfield code="c">[1304, 1886 or 1887]</subfield>
	</datafield>
	<datafield ind1="1" ind2="4" tag="880">
		<subfield code="6">600-04</subfield>
		<subfield code="a">دباغ، عبد العزيز بن مسعود،</subfield>
		<subfield code="d">1679 or 1680-1719 or 1720</subfield>
		<subfield code="x">Theology</subfield>
	</datafield>
	<datafield ind1="1" ind2=" " tag="880">
		<subfield code="6">700-05</subfield>
		<subfield code="a">دباغ، عبد العزيز بن مسعود،</subfield>
		<subfield code="d">1679 or 1680-1719 or 1720.</subfield>
	</datafield>
	<datafield ind1="1" ind2="2" tag="880">
		<subfield code="6">700-06</subfield>
		<subfield code="a">شعراني، عبد الوهاب بن احمد،</subfield>
		<subfield code="d">approximately 1493-1565 or 1566.</subfield>
		<subfield code="t">درر الغواص على فتاوى سيدي علي الخواص.</subfield>
	</datafield>
	<datafield ind1="1" ind2="2" tag="880">
		<subfield code="6">700-07</subfield>
		<subfield code="a">شعراني، عبد الوهاب بن احمد،</subfield>
		<subfield code="d">approximately 1493-1565 or 1566.</subfield>
		<subfield code="t">جواهر والدرر. </subfield>
	</datafield>
	<datafield ind1=" " ind2=" " tag="959">
		<subfield code="a">NNU</subfield>
		<subfield code="b">WEB</subfield>
		<subfield code="c">GENI</subfield>
		<subfield code="t">0</subfield>
		<subfield code="m">Electronic access</subfield>
		<subfield code="s">01</subfield>
	</datafield>
	<datafield ind1=" " ind2=" " tag="999">
		<subfield code="i">NNC_3071776</subfield>
		<subfield code="o">(OCoLC)ocn427384167</subfield>
		<subfield code="s">columbia_aco000630</subfield>
		<subfield code="e">(ERROR-880)</subfield>
		<subfield code="s">columbia_aco000630</subfield>
	</datafield>
</record>
